<?xml version="1.0" encoding="UTF-8"?><collection xmlns="http://www.loc.gov/MARC21/slim"><record><leader>00537nam--2200193-i-4500</leader><controlfield tag="001">000048402</controlfield><controlfield tag="002">20161230</controlfield><controlfield tag="005">20161230201047</controlfield><controlfield tag="008">060222s1000------------r-----000-0-rus-d</controlfield><datafield ind1=" " ind2=" " tag="040"><subfield code="a">IFIN-HH</subfield></datafield><datafield ind1=" " ind2=" " tag="041"><subfield code="a">rus</subfield></datafield><datafield ind1=" " ind2=" " tag="080"><subfield code="a">539.1.07(075.8)</subfield></datafield><datafield ind1="1" ind2=" " tag="100"><subfield code="a">Abramov,A.I</subfield></datafield><datafield ind1="1" ind2="0" tag="245"><subfield code="a">Osnovi eksperimentalnyh metodov iadernoi fiziki</subfield><subfield code="b">A.i. abramov, iu.a. kazanskii, e.s. matusevich</subfield></datafield><datafield ind1=" " ind2=" " tag="260"><subfield code="a">Moskva</subfield><subfield code="b">Atomizdat</subfield><subfield code="c">1977</subfield></datafield><datafield ind1=" " ind2=" " tag="300"><subfield code="a">524 P</subfield></datafield><datafield ind1="1" ind2=" " tag="700"><subfield code="a">Matusevich,E.S</subfield></datafield><datafield ind1=" " ind2=" " tag="852"><subfield code="a">45469</subfield><subfield code="c">539.1.07:539.1.08</subfield></datafield><datafield ind1=" " ind2=" " tag="CAT"><subfield code="a">Sys</subfield><subfield code="c">20111026</subfield><subfield code="h">165456</subfield></datafield></record></collection>